<record><leader>00000cas a22000007a 4500</leader><controlfield tag="001">11060062</controlfield><controlfield tag="008">840816d18711985iauwr ne      0    0eng d</controlfield><datafield ind1=" " ind2=" " tag="010"><subfield code="a">sn 84027364 </subfield></datafield><datafield ind1=" " ind2=" " tag="040"><subfield code="a">NPU</subfield><subfield code="b">eng</subfield><subfield code="c">NPU</subfield><subfield code="d">NPX</subfield><subfield code="d">INP</subfield><subfield code="d">MGN</subfield><subfield code="d">OCLCQ</subfield></datafield><datafield ind1=" " ind2=" " tag="042"><subfield code="a">msc</subfield></datafield><datafield ind1="0" ind2="4" tag="245"><subfield code="a">The Sac sun.</subfield></datafield><datafield ind1=" " ind2=" " tag="260"><subfield code="a">Sac City, Iowa :</subfield><subfield code="b">J.N. Miller,</subfield><subfield code="c">-1985.</subfield></datafield><datafield ind1=" " ind2=" " tag="300"><subfield code="a">v.</subfield></datafield><datafield ind1=" " ind2=" " tag="310"><subfield code="a">Weekly</subfield></datafield><datafield ind1="1" ind2=" " tag="362"><subfield code="a">Began July 11, 1871. Cf. Bibl. of Iowa newspapers.</subfield></datafield><datafield ind1="0" ind2=" " tag="362"><subfield code="a">-v. 114, no. 48 (Nov. 26, 1985).</subfield></datafield><datafield ind1=" " ind2=" " tag="500"><subfield code="a">Publisher varies.</subfield></datafield><datafield ind1=" " ind2=" " tag="500"><subfield code="a">Editor: James N. Miller, &lt;1876&gt;.</subfield></datafield><datafield ind1=" " ind2=" " tag="588"><subfield code="a">Description based on: Vol. 1, no. 2 (July 21, 1871).</subfield></datafield><datafield ind1=" " ind2=" " tag="752"><subfield code="a">United States</subfield><subfield code="b">Iowa</subfield><subfield code="c">Sac</subfield><subfield code="d">Sac City.</subfield></datafield><datafield ind1="0" ind2="5" tag="780"><subfield code="t">Hornet (Grant City, Iowa)</subfield></datafield><datafield ind1="0" ind2="5" tag="780"><subfield code="t">Sac County bulletin</subfield><subfield code="g">1925</subfield></datafield><datafield ind1="0" ind2="7" tag="785"><subfield code="t">Sac County star</subfield><subfield code="w">(DLC)sn 88059457</subfield></datafield><datafield ind1="0" ind2="7" tag="785"><subfield code="t">Sac sun-star</subfield><subfield code="w">(DLC)sn 88059456</subfield></datafield></record>